<collection xmlns="http://www.loc.gov/MARC21/slim">
<record>
  <leader>01132nam0a2200241 i 450 </leader>
  <controlfield tag="001">IT\ICCU\CNCE\039466</controlfield>
  <controlfield tag="005">20150226000000.0</controlfield>
  <datafield tag="012" ind1=" " ind2=" ">
    <subfield code="a">su:q n-i. isl- maPo (7) 1554 (A)</subfield>
    <subfield code="2">fei</subfield>
  </datafield>
  <datafield tag="100" ind1=" " ind2=" ">
    <subfield code="a">19981110d1554        0itac0103    ba</subfield>
  </datafield>
  <datafield tag="101" ind1=" " ind2=" ">
    <subfield code="a">SPA</subfield>
  </datafield>
  <datafield tag="102" ind1=" " ind2=" ">
    <subfield code="a">IT</subfield>
  </datafield>
  <datafield tag="200" ind1="1" ind2=" ">
    <subfield code="a">Psalterio de Dauid trasladado en espaǫl con toda fielidad verbo de verbo de su verdadera origen: y repartido como se deue leer per cada dia del mes segun vso de los antiguos</subfield>
  </datafield>
  <datafield tag="210" ind1=" " ind2=" ">
    <subfield code="a">Estampado en Ferrara</subfield>
    <subfield code="d">a 15 de Henero 1554</subfield>
    <subfield code="e">\Ferrara</subfield>
    <subfield code="g">Abraham Olschki!</subfield>
  </datafield>
  <datafield tag="215" ind1=" " ind2=" ">
    <subfield code="a">CCXXV, \7! c.</subfield>
    <subfield code="d">16ʻ</subfield>
  </datafield>
  <datafield tag="500" ind1="1" ind2="1">
    <subfield code="3">IT\ICCU\CNCE\005831</subfield>
    <subfield code="a">Bibbia. Vecchio Testamento. Salmi</subfield>
  </datafield>
  <datafield tag="620" ind1=" " ind2=" ">
    <subfield code="a">IT</subfield>
    <subfield code="d">Ferrara</subfield>
  </datafield>
  <datafield tag="712" ind1="0" ind2="0">
    <subfield code="a">Olschki, Abraham</subfield>
    <subfield code="3">IT\ICCU\CNCT\001017</subfield>
    <subfield code="4">650</subfield>
  </datafield>
  <datafield tag="791" ind1="0" ind2="0">
    <subfield code="a">Usque, Abraham</subfield>
    <subfield code="3">IT\ICCU\CNCT\002248</subfield>
    <subfield code="z">Olschki, Abraham</subfield>
  </datafield>
  <datafield tag="791" ind1="0" ind2="0">
    <subfield code="a">Pinel, Duarte</subfield>
    <subfield code="3">IT\ICCU\CNCT\002249</subfield>
    <subfield code="z">Olschki, Abraham</subfield>
  </datafield>
  <datafield tag="801" ind1=" " ind2="3">
    <subfield code="a">IT</subfield>
    <subfield code="b">ICCU</subfield>
    <subfield code="c">20201114</subfield>
  </datafield>
  <datafield tag="899" ind1=" " ind2=" ">
    <subfield code="a">Biblioteca nazionale centrale. Roma</subfield>
    <subfield code="1">RM0267</subfield>
    <subfield code="2">BVE CR</subfield>
  </datafield>
  <datafield tag="911" ind1=" " ind2=" ">
    <subfield code="a">In fine.</subfield>
    <subfield code="9">IT\ICCU\CNCM\002648</subfield>
  </datafield>
  <datafield tag="921" ind1=" " ind2=" ">
    <subfield code="a">IT\ICCU\CNCM\002648</subfield>
    <subfield code="b">Sfera armillare. In basso iniziali A.V.</subfield>
    <subfield code="e">In te Domine spes mea</subfield>
    <subfield code="c">U1162</subfield>
    <subfield code="f">SFERA</subfield>
    <subfield code="f">AV</subfield>
    <subfield code="f">INTEDOMINE</subfield>
    <subfield code="g">1553-1554</subfield>
  </datafield>
</record>
</collection>
